@article{bluestein1970linear,
  title={A linear filtering approach to the computation of discrete Fourier transform},
  author={Bluestein, Leo I},
  journal={Audio and Electroacoustics, IEEE Transactions on},
  volume={18},
  number={4},
  pages={451--455},
  year={1970},
  publisher={IEEE}
}

@article{brigham1967fast,
  title={The fast Fourier transform},
  author={Brigham, E Oran and Morrow, RE},
  journal={Spectrum, IEEE},
  volume={4},
  number={12},
  pages={63--70},
  year={1967},
  publisher={IEEE}
}

@article{cooley1965algorithm,
  title={An algorithm for the machine calculation of complex Fourier series},
  author={Cooley, James W and Tukey, John W},
  journal={Mathematics of computation},
  volume={19},
  number={90},
  pages={297--301},
  year={1965},
  publisher={JSTOR}
}

@article{cooley1969fast,
  title={The fast Fourier transform and its applications},
  author={Cooley, James W and Lewis, Peter AW and Welch, Peter D},
  journal={Education, IEEE Transactions on},
  volume={12},
  number={1},
  pages={27--34},
  year={1969},
  publisher={IEEE}
}

@article{christopoulos2000jpeg2000,
  title={The JPEG2000 still image coding system: an overview},
  author={Christopoulos, Charilaos and Skodras, Athanassios and Ebrahimi, Touradj},
  journal={Consumer Electronics, IEEE Transactions on},
  volume={46},
  number={4},
  pages={1103--1127},
  year={2000},
  publisher={IEEE}
}

@article{du2012cuda,
  title={From CUDA to OpenCL: Towards a performance-portable solution for multi-platform GPU programming},
  author={Du, Peng and Weber, Rick and Luszczek, Piotr and Tomov, Stanimire and Peterson, Gregory and Dongarra, Jack},
  journal={Parallel Computing},
  volume={38},
  number={8},
  pages={391--407},
  year={2012},
  publisher={Elsevier}
}

@inproceedings{fang2011comprehensive,
  title={A comprehensive performance comparison of CUDA and OpenCL},
  author={Fang, Jianbin and Varbanescu, Ana Lucia and Sips, Henk},
  booktitle={Parallel Processing (ICPP), 2011 International Conference on},
  pages={216--225},
  year={2011},
  organization={IEEE}
}

@inproceedings{frigo1998fftw,
  title={FFTW: An adaptive software architecture for the FFT},
  author={Frigo, Matteo and Johnson, Steven G},
  booktitle={Acoustics, Speech and Signal Processing, 1998. Proceedings of the 1998 IEEE International Conference on},
  volume={3},
  pages={1381--1384},
  year={1998},
  organization={IEEE}
}

@inproceedings{frigo1999fast,
  title={A fast Fourier transform compiler},
  author={Frigo, Matteo},
  booktitle={Acm sigplan notices},
  volume={34},
  pages={169--180},
  year={1999},
  organization={ACM}
}

@article{frigo2005design,
  title={The design and implementation of FFTW3},
  author={Frigo, Matteo and Johnson, Steven G},
  journal={Proceedings of the IEEE},
  volume={93},
  pages={216--231},
  year={2005},
  publisher={IEEE}
}

@inproceedings{gentleman1966fast,
title={Fast Fourier Transforms: for fun and profit},
author={Gentleman, W Morven and Sande, Gordon},
booktitle={Proceedings of the November 7-10, 1966, fall joint computer conference},
pages={563--578},
year={1966},
organization={ACM}
}

@inproceedings{govindaraju2008high,
  title={High performance discrete Fourier transforms on graphics processors},
  author={Govindaraju, Naga K and Lloyd, Brandon and Dotsenko, Yuri and Smith, Burton and Manferdelli, John},
  booktitle={Proceedings of the 2008 ACM/IEEE conference on Supercomputing},
  pages={2},
  year={2008},
  organization={IEEE Press}
}

@article{heideman1984gauss,
  title={Gauss and the history of the fast Fourier transform},
  author={Heideman, Michael T and Johnson, Don H and Burrus, C Sidney},
  journal={ASSP Magazine, IEEE},
  volume={1},
  number={4},
  pages={14--21},
  year={1984},
  publisher={IEEE}
}

@inproceedings{kruger2003linear,
  title={Linear algebra operators for GPU implementation of numerical algorithms},
  author={Kr{\"u}ger, Jens and Westermann, R{\"u}diger},
  booktitle={ACM Transactions on Graphics (TOG)},
  volume={22},
  pages={908--916},
  year={2003},
  organization={ACM}
}

@inproceedings{owens2007survey,
  title={A Survey of general-purpose computation on graphics hardware},
  author={Owens, John D and Luebke, David and Govindaraju, Naga and Harris, Mark and Kr{\"u}ger, Jens and Lefohn, Aaron E and Purcell, Timothy J},
  booktitle={Computer graphics forum},
  volume={26},
  pages={80--113},
  year={2007},
  organization={Wiley Online Library}
}

@article{owens2008gpu,
  title={GPU computing},
  author={Owens, John D and Houston, Mike and Luebke, David and Green, Simon and Stone, John E and Phillips, James C},
  journal={Proceedings of the IEEE},
  volume={96},
  number={5},
  pages={879--899},
  year={2008},
  publisher={IEEE}
}

@article{park2011design,
  title={Design and performance evaluation of image processing algorithms on GPUs},
  author={Park, In Kyu and Singhal, Nitin and Lee, Man Hee and Cho, Sungdae and Kim, Chris W},
  journal={Parallel and Distributed Systems, IEEE Transactions on},
  volume={22},
  number={1},
  pages={91--104},
  year={2011},
  publisher={IEEE}
}

@inproceedings{su2012overview,
  title={Overview and comparison of OpenCL and CUDA technology for GPGPU},
  author={Su, Ching-Lung and Chen, Po-Yu and Lan, Chun-Chieh and Huang, Long-Sheng and Wu, Kuo-Hsuan},
  booktitle={Circuits and Systems (APCCAS), 2012 IEEE Asia Pacific Conference on},
  pages={448--451},
  year={2012},
  organization={IEEE}
}

@inproceedings{tomov2010dense,
  title={Dense linear algebra solvers for multicore with GPU accelerators},
  author={Tomov, Stanimire and Nath, Rajib and Ltaief, Hatem and Dongarra, Jack},
  booktitle={Parallel \& Distributed Processing, Workshops and Phd Forum (IPDPSW), 2010 IEEE International Symposium on},
  pages={1--8},
  year={2010},
  organization={IEEE}
}

@inproceedings{volkov2008benchmarking,
  title={Benchmarking GPUs to tune dense linear algebra},
  author={Volkov, Vasily and Demmel, James W},
  booktitle={High Performance Computing, Networking, Storage and Analysis, 2008. SC 2008. International Conference for},
  pages={1--11},
  year={2008},
  organization={IEEE}
}


@misc{nvidiadirectcompute,
author = {NVIDIA},
howpublished = {https://developer.nvidia.com/directcompute},
title = {{DirectCompute | NVIDIA Developer}},
url = {https://developer.nvidia.com/directcompute},
urldate = {2015-12-17},
year = {2015}
}
@misc{githubclfft,
author = {AMD},
howpublished = {http://clmathlibraries.github.io/clFFT/},
title = {{clFFT: OpenCL Fast Fourier Transforms (FFTs)}},
url = {http://clmathlibraries.github.io/clFFT/},
urldate = {2015-12-21},
year = {2015}
}
@misc{microsoft2015compute,
author = {Microsoft},
howpublished = {https://msdn.microsoft.com/en-us/library/ff476331(v=VS.85).aspx},
title = {{Compute Shader Overview (Windows)}},
url = {https://msdn.microsoft.com/en-us/library/ff476331(v=VS.85).aspx},
urldate = {2015-12-17},
year = {2015}
}
@misc{amdacl,
author = {AMD},
howpublished = {http://developer.amd.com/tools-and-sdks/opencl-zone/acl-amd-compute-libraries/},
title = {{ACL - AMD Compute Libraries - AMD}},
url = {http://developer.amd.com/tools-and-sdks/opencl-zone/acl-amd-compute-libraries/},
urldate = {2015-12-21},
year = {2015}
}
@misc{nvidacufft,
author = {NVIDIA},
howpublished = {http://docs.nvidia.com/cuda/cufft/{\#}axzz3ufRZ1S8v},
keywords = {CUDA cuFFT,CUDA cuFFT API,CUDA cuFFT data,CUDA cuFFT example,CUDA cuFFT features,CUDA cuFFT layout,CUDA cuFFT library,CUDA cuFFT multidimensional transforms,CUDA cuFFT performance,CUDA cuFFT transforms},
title = {{CUDA Toolkit Documentation: cuFFT}},
url = {http://docs.nvidia.com/cuda/cufft/},
urldate = {2015-12-18},
year = {2015}
}
@misc{nvidia2013userguide,
author = {Nvidia},
file = {:C$\backslash$:/Users/torso/Documents/GitHub/TQDT33{\_}THESIS/Articles/Library User Guide/CUFFT{\_}Library.pdf:pdf},
number = {July},
title = {{Cufft Library User ' S Guide}},
year = {2013}
}
@misc{amd2015performance,
author = {AMD},
howpublished = {http://developer.amd.com/community/blog/2015/08/24/accelerating-performance-acl-clfft-library/},
title = {{Accelerating Performance: The ACL clFFT Library - AMD}},
url = {http://developer.amd.com/community/blog/2015/08/24/accelerating-performance-acl-clfft-library/},
urldate = {2015-12-18},
year = {2015}
}
@misc{fftw2015,
author = {Fftw.org},
howpublished = {http://fftw.org/},
keywords = {DFT,DSP,FFT,Fast Fourier Transform,Signal Processing,benchmark,math library,parallel FFT,source code},
title = {{FFTW Home Page}},
url = {http://fftw.org/},
urldate = {2015-12-21},
year = {2015}
}